@book{Marcu_1977_FMA,
   author    = {George Marcu},
   year      = {1977},
   title     = {Folclor Muzical Aromâna},
   publisher = {Editura Muzicală},
   address   = {Bucureşti}
   pdx       = {M 1718 .F6}
}
